@misc{YouTube_minutephysics,
    title = {How To Stop Structures from SHAKING: LEGO Saturn V Tuned Mass Damper},
    howpublished = {\url{https://www.youtube.com/watch?v=ft3vTaYbkdE}},
    note = {Accessed : 2019-09-29}
}

@misc{Wikipedia_amortisseur_tmd,
    title = {Tuned mass damper},
    howpublished = {\url{https://en.wikipedia.org/wiki/Tuned_mass_damper}},
    note = {Accessed : 2019-09-29}
}

@misc{sciencedirect_amd,
    title = {Active vibration control of structure by Active Mass Damper and Multi-Modal Negative Acceleration Feedback control algorithm},
    howpublished = {\url{https://www.sciencedirect.com/science/article/pii/S0022460X16307957}},
    note = {Accessed : 2019-09-29}
}

@misc{sciencedirect_amd_2,
    title = {Parametric study of active mass dampers for wind-excited tall buildings},
    howpublished = {\url{https://www.sciencedirect.com/science/article/pii/0141029695001088}},
    note = {Accessed : 2019-10-08}
}

@misc{iopscience, 
    title = {Parameter identification for active mass damper controlled systems},
    howpublished = {\url{https://iopscience.iop.org/article/10.1088/1742-6596/744/1/012166/pdf}},
    note = {Accessed : 2019-09-29}
}

@misc{made_for_science,
    title = {Active Mass Damper - One Floor (AMD-1)},
    howpublished = {\url{https://www.made-for-science.com/de/quanser/?df=made-for-science-quanser-active-mass-damper-coursewarestud-matlab.pdf}},
    note = {Accessed : 2019-09-29}
}

@misc{iopscience_delay,
    title = {The effect of time delay on control stability of an electromagnetic active tuned mass damper for vibration control},
    howpublished = {\url{https://iopscience.iop.org/article/10.1088/1742-6596/721/1/012007/pdf}},
    note = {Accessed : 2019-12-04}
}
