@misc{science_direct,
    title = {Parametric study of active mass dampers for wind-excited tall buildings},
    howpublished = {\url{https://www.sciencedirect.com/science/article/pii/0141029695001088}},
    note = {Accessed : 2019-10-10}
}
