@misc{iopscience_delay,
    title = {The effect of time delay on control stability of an electromagnetic active tuned mass damper for vibration control},
    howpublished = {\url{https://iopscience.iop.org/article/10.1088/1742-6596/721/1/012007/pdf}},
    note = {Accessed : 2019-12-04}
}
